2664 4674
235 380 238 385 r
295 308 787 370 unoouluuet'·csr1u.
839 308 931 365 ose.
954 307 1014 372 515
1115 314 1187 378 289

127 457 250 532 dicere
272 457 330 552 id,
359 457 461 559 quod
487 483 543 531 res
565 455 689 530 habet:
722 455 761 530 in
790 456 889 531 luctu
910 480 1016 560 atque
1038 462 1190 540 miseriis
1248 526 1250 530 .

124 600 283 652 mortem
308 606 560 653 aerumnarum
589 576 752 679 requiem
779 604 854 651 non
884 580 1080 657 cruciatum
1100 613 1191 683 esse,

123 690 209 781 eam
229 721 355 773 cuncta
377 698 582 773 mortalium
606 699 698 772 mala
726 696 938 795 dissolvere3
961 701 1054 776 ultra
1073 732 1192 808 neque

123 957 194 1007 stiirt
210 953 350 1026 equidem,
369 953 437 1006 nach
455 954 519 1007 dem
535 950 741 1020 bergebracbten
759 954 933 1020 Gebraucbe3
951 973 999 1024 gar
1019 960 1107 1025 nicht,
1131 965 1195 1019 weil

125 1040 156 1074 es
175 1037 239 1074 stete
259 1025 302 1074 die
320 1025 500 1076 r'ndividuelle
512 1023 624 1074 Ausicbt
641 1025 687 1075 des
700 1024 889 1092 Sprecbenrlen
906 1027 1017 1087 entbilt,
1034 1032 1195 1096 gleichsam:

126 1102 163 1143 ut
181 1093 310 1163 equidem
321 1095 495 1162 putaverim
512 1112 566 1144 was
585 1093 629 1144 die
646 1092 732 1144 Strele
747 1096 862 1160 anlangt,
879 1112 908 1145 so
926 1093 1032 1150 liinnen
1043 1103 1099 1164 wir,
1115 1105 1196 1155 sollte

124 1178 192 1213 man
211 1163 339 1227 glauben,
356 1181 387 1213 so
405 1161 534 1229 sprccbeu
546 1174 596 1213 eto.

126 1244 130 1249 ’
198 1249 277 1317 quod
293 1265 338 1299 res
355 1248 458 1316 habet]
489 1244 622 1314 Obgleicb
638 1214 681 1298 eii
697 1244 798 1313 hebet,
820 1246 863 1298 srir
881 1247 1027 1317 sehabet,
1050 1255 1125 1306 nicht
1142 1274 1194 1309 un-

125 1316 299 1396 B‘Wfflmli‘h,
318 1316 363 1380 ist,
388 1318 475 1383 gleich
494 1317 556 1369 dem
575 1313 656 1397 oileus
674 1316 739 1381 ἕχει,
762 1318 844 1382 vergl.
859 1318 955 1373 Heind.
974 1338 1007 1371 zu
1021 1323 1085 1378 Hor,
1107 1326 1160 1381 Sat.
1172 1328 1195 1391 Ι,

128 1400 164 1453 9,
183 1383 228 1439 52.
247 1402 277 1434 so
293 1397 327 1435 ist
344 1386 400 1436 bier
417 1386 486 1436 doch
504 1385 590 1437 habet
608 1387 715 1449 esgentl.
732 1385 800 1434 nach
821 1386 885 1439 sall.
905 1389 992 1439 Weise
1015 1410 1048 1443 zu
1064 1392 1196 1447 nehmenz

127 1453 290 1527 quodsrere
308 1473 354 1505 ree
370 1474 462 1506 seeum
478 1455 556 1524 fem
577 1471 648 1524 ques
663 1471 731 1505 vera
752 1455 794 1504 rei
812 1463 855 1504 est
870 1464 985 1513 natura,
1087 1502 1089 1507 ,

200 1549 316 1592 mortem
335 1557 527 1592 aerumnarum
542 1540 677 1609 requiem]
707 1538 801 1603 vergl·
821 1539 966 1592 Broutr'hus.
989 1542 1023 1594 sd
1046 1546 1145 1602 Tiburi,
1160 1549 1198 1613 IL*

124 1624 163 1677 ¹7,
184 1622 209 1659 1.
242 1610 373 1660 Finirent
389 1608 469 1661 multi
487 1609 545 1659 leto
565 1608 649 1662 mala.
667 1609 723 1661 Cic.
736 1625 763 1673 p.
779 1607 836 1656 red.
853 1609 884 1658 in
900 1610 963 1661 Seu.
980 1628 1002 1663 e.
1018 1614 1056 1665 14.
1091 1618 1198 1683 Quodsi

128 1676 204 1727 mihi
221 1688 351 1726 aeternam
368 1695 522 1727 aerumnam
537 1680 699 1743 propositam
717 1676 868 1738 arbitrarer,
891 1692 976 1729 morte
998 1699 1042 1731 me
1063 1684 1119 1749 ipse
1142 1705 1196 1751 pn-

128 1748 185 1796 tius
203 1762 282 1810 quam
299 1749 460 1814 sempiterno
480 1747 572 1796 dolore
588 1747 751 1796 multassent.
785 1745 877 1810 Vergl.
887 1746 983 1813 Virgil.
998 1749 1065 1804 Aen.
1075 1753 1119 1816 lv,
1133 1753 1195 1809 652.

130 1812 186 1875 vl,
205 1815 264 1866 434.
287 1833 363 1866 curse
387 1833 448 1869 non,
466 1816 523 1881 lim.
544 1815 572 1863 in
594 1827 679 1863 morte
696 1814 857 1879 relinquunt.
872 1842 907 1853 —
941 1816 1035 1868 Caesar
1050 1824 1122 1871 stellt
1138 1823 1199 1873 bier
1225 1873 1228 1877 ,

130 1880 300 1935 Grundsitze
318 1884 367 1934 der
384 1882 588 1950 Epicrrriiischen
606 1879 685 1933 Seite
697 1883 762 1947 uui,
787 1881 830 1930 die
845 1882 955 1934 Doctrin
973 1886 1018 1935 des
1038 1888 1198 1940 Materialis-

131 1968 211 2010 mus,
236 1951 279 2001 die
297 1946 412 2003 Sebiller
435 1955 503 2003 eiust
524 1952 587 2002 dem
604 1951 701 2001 Talbot
726 1951 756 2000 in
782 1949 834 1999 den
855 1952 939 2002 Mund
964 1956 1044 2019 legte:
1080 1957 1198 2024 Sogeht

112 2020 185 2072 'der
202 2020 309 2071 blensch
326 2039 360 2074 zu
378 2021 467 2086 Ende,
494 2021 550 2072 und
568 2021 611 2070 die
628 2021 729 2085 einzige
746 2018 893 2082 Ausbeute,
921 2022 964 2071 die
989 2026 1039 2073 wir
1062 2043 1106 2077 nus
1131 2028 1197 2079 dem

131 2088 250 2156 Ksmpfe
274 2090 321 2140 des
344 2091 448 2141 Lebens
471 2102 633 2157 wegtragen,
660 2090 694 2139 ist
718 2089 762 2139 die
781 2088 903 2140 Einsiclrt
924 2091 953 2141 in
975 2091 1021 2142 das
1040 2094 1131 2145 Nichts
1145 2111 1195 2153 etc.

132 2160 266 2223 Degegen
285 2158 340 2215 Cic.
361 2160 394 2209 de
412 2160 500 2214 Amic.
518 2177 541 2209 e.
553 2162 578 2214 4.
612 2159 703 2222 Neque
725 2158 853 2207 assentior
877 2158 925 2221 iis,
956 2162 1001 2226 qui
1025 2162 1090 2214 baec
1111 2182 1198 2236 nupep

133 2227 264 2279 disserere
288 2240 443 2296 coeperunt,
475 2245 537 2278 cum
560 2228 715 2294 corporibus
738 2225 819 2275 simul
844 2229 946 2277 animos
971 2231 1091 2292 interire,
1119 2247 1198 2301 atque

133 2297 228 2347 omnia
244 2311 328 2347 morte
346 2296 437 2353 deleri.
471 2297 533 2349 Plus
543 2296 612 2364 apud
631 2313 675 2344 me
692 2297 862 2359 antiquorum
876 2299 1012 2348 auctoritas
1026 2304 1137 2351 valet-
1154 2304 1198 2356 rel

134 2364 208 2428 eius,
240 2368 286 2430 qui
304 2366 456 2432 Appoliiuis
477 2367 583 2435 oraculo
609 2365 817 2430 sapientissimus
840 2378 879 2414 est
900 2366 1043 2432 iudicatum
1070 2373 1116 2435 qui
1139 2391 1197 2423 nou

130 2446 195 2485 tum
211 2433 279 2498 boc,
297 2447 355 2485 tum
373 2435 456 2495 illud,
474 2435 548 2485 utin
564 2435 710 2500 plerisque,
726 2431 774 2480 sed
792 2430 864 2481 idem
883 2432 986 2483 dicebat
1001 2453 1120 2503 semper,
1137 2443 1199 2491 uni·

134 2518 197 2553 mos
221 2502 364 2554 bominum
385 2521 441 2553 esse
466 2505 579 2554 divinos.
616 2498 908 2566 vergesTuselsso.
944 2503 1020 2555 Eben
1044 2522 1074 2555 so
1097 2510 1197 2561 streitet

135 2589 224 2638 gegeu
250 2573 322 2622 diese
345 2572 456 2623 Ansicbt
480 2574 602 2631 Cacsar-s,
631 2570 674 2618 die
701 2569 782 2618 Stelle
809 2567 873 2623 Sall.
894 2567 927 2620 de
945 2572 1002 2626 ord.
1023 2591 1078 2640 rep.
1094 2576 1133 2637 ΙΙ,
1154 2594 1195 2633 12.

134 2642 259 2706 Namque
275 2640 343 2690 mibi
359 2659 407 2708 pro
424 2659 485 2691 vero
504 2652 618 2701 constat,
637 2639 758 2687 omnium
776 2638 930 2688 mortalium
947 2642 1028 2690 vitam
1044 2643 1133 2694 divino
1146 2665 1198 2696 nuq

135 2712 211 2761 mine
235 2711 328 2773 inrisi;
357 2727 443 2775 neque
464 2711 582 2771 bonum,
609 2724 694 2771 neque
719 2707 820 2756 malum
842 2707 942 2757 facinus
968 2711 1123 2776 cuiusquam
1147 2733 1197 2780 pro

135 2779 224 2831 nihilo
253 2778 356 2828 heberi:
382 2778 429 2828 sed
453 2795 484 2829 ex
509 2791 600 2828 natura
623 2776 724 2825 diversa
747 2777 863 2841 praemia
888 2777 972 2828 bonos
990 2782 1126 2846 malosque
1140 2775 1199 2832 ·se·ss

136 2849 195 2914 qui.
209 2875 247 2887 -
278 2846 446 2921 Ueberhaupt
457 2865 544 2898 waren
562 2843 760 2895 dieAnsiehten
776 2842 836 2893 sebr-
854 2845 1033 2907 verschieden,
1047 2850 1103 2899 und
1115 2852 1199 2902 selbst
1299 2862 1303 2877 '

135 2916 252 2969 Miuner
266 2917 318 2968 wie
341 2917 448 2979 Cicero,
474 2918 525 2965 mit
547 2913 604 2964 sich
629 2914 656 2961 in
672 2911 882 2963 vclllsommnem
899 2915 1119 2984 Widerspruche,
1140 2920 1198 2971 und

128 2998 190 3049 ,eret
209 2985 257 3035 dus
274 2989 374 3051 spiitere
392 2985 481 3046 Alter,
499 2984 555 3033 und
570 2981 703 3031 rielleicbt
719 2981 797 3031 bittre
816 2982 1008 3049 Erfabrungen,
1026 2987 1130 3037 srihrten
1149 2989 1199 3041 ibn

134 3070 189 3106 von
213 3054 278 3103 dem
301 3050 414 3115 zuriicl,
440 3070 494 3102 was
520 3071 548 3102 er
564 3052 651 3116 einige
669 3050 745 3100 labre
764 3067 810 3100 vor
829 3050 875 3100 der
892 3052 968 3105 Catil.
987 3054 1199 3121 Ver-sclrwo'rung

135 3126 176 3175 tls
198 3123 407 3186 Ueberseugung
432 3120 585 3188 ausspracb3
607 3137 656 3187 pro
681 3118 784 3169 Cluent.
804 3136 827 3172 c.
841 3116 883 3174 bo.
925 3120 998 3187 Quid
1023 3125 1130 3175 tandem
1156 3127 1199 3175 illi

134 3192 203 3245 mali
224 3208 297 3241 mors
318 3186 422 3241 attulit?
454 3191 513 3240 Nisi
530 3191 597 3239 forte
616 3187 721 3254 ineptiis
740 3205 770 3236 ee
788 3187 883 3237 fabulis
903 3188 1038 3254 ducimur,
1057 3205 1086 3243 ut
1106 3187 1199 3244 existi.

134 3278 261 3321 memus,
285 3261 364 3308 illum
386 3256 456 3325 apud
480 3259 577 3307 inferos
600 3257 744 3323 impiorum
766 3257 894 3321 supplicia
911 3260 1042 3324 perferre,
1060 3276 1090 3310 ac
1108 3257 1199 3328 plures
1295 3298 1299 3303 ·

134 3332 196 3383 illic
214 3329 355 3379 offendisse
374 3328 513 3391 inimicos,
531 3343 611 3392 quam
628 3324 679 3389 hic,
688 3322 842 3389 reliquisse:
867 3344 880 3374 a
899 3343 1005 3390 socrus,
1025 3328 1058 3378 sb
1076 3347 1200 3394 rixosum,

132 3420 151 3459 ι
170 3400 277 3458 fratris,
300 3415 315 3446 s
332 3396 449 3446 liberum
467 3395 563 3446 Poenis
584 3407 671 3455 actum
695 3409 750 3441 esse
773 3392 943 3459 praeeipitem
967 3395 995 3444 iu
1011 3397 1200 3449 sceleratorum

132 3468 231 3521 sedem
254 3478 331 3528 atque
353 3464 500 3529 regionem.
532 3463 606 3530 Quas
631 3464 655 3511 si
670 3462 736 3510 falsa
752 3473 826 3523 suut,
851 3460 880 3511 id
898 3461 970 3528 quod
988 3481 1079 3515 omnes
1098 3469 1200 3518 intelli-

133 3549 218 3605 gunt,
237 3534 302 3600 quid
321 3535 345 3584 ei
365 3534 473 3583 tandem
486 3532 562 3584 'uliud
579 3548 651 3581 mors
667 3529 777 3599 cripuit,
792 3543 895 3595 praeter
914 3549 1022 3583 sensum
1033 3533 1154 3585 doloris?
1166 3560 1199 3577 -·

132 3605 233 3659 Damit
249 3603 331 3667 vergl.
349 3619 413 3651 mnu
435 3602 481 3651 das
505 3601 587 3666 grade
605 3598 776 3664 Gegentheil,
800 3615 888 3649 ausser
911 3599 974 3649 dem
996 3617 1145 3666 genannten
1164 3604 1198 3655 de

134 3674 230 3729 Amic.
246 3691 270 3726 c.
283 3672 310 3722 4.
331 3671 375 3720 die
399 3671 470 3721 Rede
495 3688 544 3738 pro
567 3667 646 3720 Arcb.
678 3684 700 3717 e.
721 3682 760 3719 ιι.
785 3679 848 3717 extr.
874 3685 912 3723 12.
947 3668 1019 3721 Haec
1037 3697 1071 3710 ·-
1090 3690 1199 3722 merno-

133 3745 177 3797 ria
193 3769 229 3782 -
246 3742 299 3790 sive
316 3756 331 3789 a
346 3756 408 3789 meo
425 3756 503 3788 sensu
521 3750 581 3804 post
597 3747 711 3785 mortem
728 3733 846 3785 ablutura
862 3749 914 3796 est,
938 3738 991 3787 sive
1010 3752 1039 3789 ut
1055 3743 1199 3807 sapientis-

132 3811 201 3866 simi
217 3810 340 3859 homines
356 3818 523 3875 putaverunt,
538 3806 570 3855 nd
585 3806 700 3871 aliquam
713 3804 796 3852 animi
812 3802 868 3855 mei
883 3818 985 3872 partem
1002 3808 1157 3874 pertinebit,
1168 3834 1200 3849 -·

120 3877 347 3945 'nuncquidem
370 3889 440 3926 certe
464 3876 620 3940 cogitatione
645 3872 760 3938 quadam
777 3890 875 3939 speque
894 3875 1019 3927 delector.
1053 3878 1144 3941 Dcsgl.
1164 3875 1199 3926 de

135 3952 248 4003 Seneet.
273 3963 349 3998 c.21.
364 3962 422 4010 sqq.
447 3945 504 3995 und
526 3939 699 4000 cati1.1V‚4.
717 3953 781 3993 extr.
824 3942 947 4008 Dagegen
970 3943 1073 3994 scheint
1095 3941 1201 4010 gewiss,

136 4020 202 4073 dass
228 4017 277 4066 ‹ler
301 4013 486 4065 hermehende
506 4008 700 4083 Volksglopbe
729 4008 782 4059 den
801 4008 935 4063 Tbecrien
964 4012 1012 4062 der
1037 4013 1201 4063 vomebmeu
1284 4010 1290 4017 ’

135 4078 215 4139 'weu
227 4081 412 4149 widerspracb,
429 4083 479 4133 wie
491 4078 603 4142 stetten,
619 4074 729 4133 besond.
747 4076 791 4145 bei
803 4078 940 4144 Dicluern,
955 4080 1097 4146 bezeugen.
1114 4080 1201 4136 Plaut.

137 4153 380 4222 caps.11‚2,63.
413 4150 462 4201 Est
478 4148 596 4217 proiecto
612 4146 700 4206 Deus,
728 4146 775 4213 qui
797 4146 867 4213 quse
887 4150 941 4209 uiis,
958 4149 1089 4214 gerimus,
1115 4150 1204 4201 audit-

138 4238 196 4292 que
213 4235 241 4289 et
256 4220 340 4287 ridet,
357 4244 394 4265 υ
415 4218 488 4289 Bene
503 4212 619 4299 merenti
633 4214 702 4285 bene
717 4215 854 4293 proluerit,
870 4218 941 4269 rmls
958 4220 1070 4271 merenti
1087 4220 1206 4288 pererit.
1252 4270 1260 4295 Ι

652 4348 658 4364 ·
942 4296 1085 4385 19
1147 4318 1153 4337 ’
1250 4300 1254 4309 ’
