2664 4674
1010 124 1017 153 l

289 305 613 379 uncum-unas.
635 305 783 358 carru·
816 304 1007 377 nanus.
1111 298 1216 368 ios*

117 457 192 531 lina
212 456 390 559 superior,
411 476 472 530 aut
495 481 607 557 aequa
629 483 738 529 manu
763 454 997 557 discessisset:
1014 452 1185 559 'profecto
1272 492 1275 497 ·

115 605 248 678 magna
279 577 398 651 clades
428 598 535 678 atque
558 576 734 649 calamitas
753 578 1018 678 'rempublicam
1035 605 1186 680 oppres·
1225 620 1230 633 ·

117 696 243 791 sisset3
267 724 385 798 neque
409 697 498 799 illis,
520 696 584 797 qui
607 696 791 772 victoriam
811 696 932 796 adepti
952 699 1084 789 forent,
1106 700 1186 773 diu·
1290 706 1294 714 ’

114 817 190 890 tius
223 843 264 890 ea
293 818 345 890 uti
369 816 546 910 licuisset,
577 815 665 915 quin
693 815 843 903 defessis
875 838 911 889 et
938 820 1187 919 exsanguibus,

116 937 185 1039 qui
206 937 289 1035 plus
313 958 455 1037 posset,
488 936 681 1038 imperium
707 957 810 1039 atque
832 937 1033 1042 libertatem
1063 952 1201 1012 satore
1298 951 1300 962 '

117 1078 259 1157 queret.
308 1056 425 1131 Fuere
450 1077 569 1132 tomen
595 1078 700 1132 extre:
714 1057 996 1133 coniurationem
1023 1061 1214 1161 complu-6

117 1202 197 1273 res,
230 1176 293 1279 qui
325 1174 373 1253 ad
399 1176 587 1267 Catilinam
614 1177 717 1265 initias
748 1177 904 1281 profecti
938 1197 1035 1252 sunt:
1067 1176 1114 1253 in'
1129 1179 1187 1254 bis

132 1400 160 1471 ⁴..
188 1409 317 1480 arrexit]
335 1408 441 1464 Stirlter
457 1411 514 1464 und
534 1413 706 1467 maleriseber
726 1414 767 1465 ala
786 1412 889 1478 erexi,
901 1427 955 1465 was
974 1407 1115 1473 bisweilen
1128 1408 1187 1462 siclt

119 1475 213 1535 iudet.
236 1495 261 1529 z.
279 1481 309 1536 B.
335 1481 440 1533 Corum
456 1483 552 1535 Them.
572 1484 593 1545 1,
611 1484 637 1535 3.
660 1483 756 1534 erexit·
772 1499 834 1533 eum
851 1480 916 1531 baec
933 1481 1109 1545 contumelia,
1127 1480 1146 1536 i.
1165 1497 1190 1530 e.
1217 1541 1220 1547 Ι

122 1546 158 1599 ad
175 1547 336 1600 industriam
360 1563 385 1600 et
402 1552 616 1612 emendationem
640 1552 774 1612 excitavit,
801 1553 910 1602 exacuit.
930 1549 1071 1611 undaobr
1086 1550 1126 1612 ost
1140 1549 1189 1599 bei

121 1616 218 1671 hain.
235 1616 279 1678 vl,
290 1621 316 1682 4,
323 1620 348 1673 4.
367 1619 440 1690 erigi
456 1621 588 1690 adaperti
600 1618 714 1691 imperii.
734 1621 823 1685 Vergl.
842 1619 877 1681 V,
893 1617 919 1682 b,
940 1633 963 1669 1.
979 1616 1026 1682 XI,
1046 1633 1069 1680 1,
1086 1635 1113 1673 u.
1131 1615 1190 1668 und

122 1684 173 1739 oti.
209 1684 245 1735 Es
264 1686 419 1738 bezeichnen
438 1687 482 1739 die
499 1689 618 1755 lreudige
644 1687 812 1759 Erhebang,
836 1689 913 1740 An·
930 1685 986 1736 und
1004 1685 1188 1756 Aufregung,
1213 1728 1217 1745 ,

123 1753 172 1805 das
183 1754 398 1822 Emporrichten
413 1773 465 1809 von
483 1758 583 1809 Trauer
601 1758 658 1810 und
675 1755 998 1820 lliedergescblngenbeit3
1017 1755 1057 1805 im
1073 1754 1190 1819 Gegens.

123 1838 176 1872 von
203 1823 352 1891 adflictus,
378 1825 539 1894 depressus,
563 1827 707 1878 demissus.
731 1825 816 1875 Tacit.
840 1824 910 1877 Anu.
930 1823 982 1888 ΙΙΙ,
1008 1839 1047 1876 11.
1075 1830 1191 1872 arrecta

124 1891 203 1943 omni
227 1893 367 1958 civitate,
380 1893 399 1945 i.
426 1911 450 1943 e.
476 1895 589 1945 intenta
611 1895 645 1944 ad
664 1910 777 1959 eaquae
803 1893 954 1960 agebantur.
987 1891 1110 1941 Eben'so
1131 1892 1191 1954 lug.

124 1958 170 2011 68.
189 1971 256 2015 extr.
282 1962 383 2013 animia
400 1979 494 2012 eorum
517 1964 644 2019 arrectis.
677 1963 771 2027 Desgl.
798 1978 822 2017 c.
842 1961 886 2013 84.
904 1975 968 2011 extr.
994 1959 1036 2014 86.
1054 1961 1092 2013 in.
1127 1958 1191 2010 und

124 2045 156 2089 so
172 2027 242 2079 auch
257 2028 332 2079 bier:
347 2047 489 2101 anregen,
512 2032 668 2102 aufregen,
686 2048 770 2097 quum
784 2043 858 2080 antea
875 2048 930 2095 nun
946 2043 1001 2079 tam
1019 2028 1136 2081 demisso
1149 2040 1193 2076 at-

125 2112 178 2163 que
197 2097 328 2166 depresso
348 2099 438 2150 animo
456 2100 579 2164 fuissent,
599 2117 679 2167 quam
696 2119 711 2150 a
731 2118 772 2151 em
792 2100 934 2168 pristinae
952 2098 1092 2149 libertatis
1112 2095 1192 2146 abie-

126 2166 243 2219 cissent.
262 2194 297 2206 ·-·
328 2166 391 2218 Von
410 2167 526 2233 Thieren
542 2168 598 2220 und
618 2119 773 2219 Monaedes:
793 2164 1131 2235 arrectis,auribur;‚und
1144 2164 1193 2216 da-

124 2248 181 2287 vou
199 2233 248 2285 das
264 2234 335 2289 Bild.
354 2236 449 2302 virgil
466 2236 534 2289 Aen.
552 2238 574 2297 Ι,
590 2237 648 2289 152.
665 2235 768 2289 Ruhnk.
786 2252 819 2287 au
837 2237 940 2289 Terent.
958 2234 1041 2289 Andr.
1059 2234 1092 2294 V,
1110 2233 1138 2296 4,
1148 2234 1192 2287 30.

143 2348 147 2353 .
195 2300 222 2358 4.
244 2319 279 2354 ne
300 2304 392 2371 ue]1.
413 2320 437 2356 e.
464 2308 563 2376 Neque
581 2316 685 2359 tamen.
702 2307 750 2357 ou
765 2304 832 2357 auch
850 2305 901 2355 mit
918 2303 1193 2365 tantenverbumlen,

126 2371 169 2431 cst
185 2371 260 2423 altae
280 2322 454 2434 diemwort.
478 2375 536 2424 Liv.
555 2375 583 2437 Ι,
600 2374 643 2429 28.
677 2377 740 2436 Nea¹
755 2391 785 2423 en
808 2374 899 2439 culpa,
924 2389 1004 2436 quam
1023 2388 1112 2435 arguo,
1133 2387 1194 2421 om·-

124 2442 206 2497 ninm
230 2441 396 2493 Albanorum
417 2452 466 2497 est.
489 2443 576 2505 fl'acit·
599 2443 688 2510 Agris.
709 2443 754 2499 24·
779 2458 830 2493 nec
857 2443 886 2491 in
908 2441 1016 2492 melius.
1047 2441 1136 2506 Vergl.
1159 2456 1195 2490 au

126 2509 206 2563 caea.
225 2510 257 2560 B.
276 2509 310 2561 G.
326 2509 375 2576 lv,
392 2511 435 2563 26.
503 2556 507 2563 .
967 2566 971 2575 ,

141 2628 146 2641 ,
198 2579 283 2649 quin]
309 2578 426 2644 Eigentle
448 2581 493 2633 ita
508 2590 542 2632 ut
557 2595 629 2643 nan,
646 2578 752 2640 uelutis,
770 2584 804 2630 εἰ.
822 2577 1010 2629 demonstratis
1025 2574 1082 2627 und
1098 2575 1195 2643 positis

126 2646 504 2769 ffli‘i‘fiii‘iibiiih'ii
521 2650 654 2769 ‘iiiii'
671 2649 791 2770 vlit?
806 2644 1196 2774 :tlllilill‘blltltliz

180 2752 184 2759 -
447 2735 457 2766 .-
503 2737 516 2769 s
550 2737 582 2768 1.
648 2750 656 2769 .
781 2758 788 2772 .
912 2735 916 2744 ·

125 2787 198 2855 quin
217 2732 278 2835 edin
299 2784 400 2836 Manlio
422 2803 515 2839 censor
537 2787 651 2837 Marcius
673 2753 810 2840 creiretur.
840 2784 934 2837 lustin.
950 2783 1006 2846 ΙΙΙ,
1025 2798 1049 2850 7,
1069 2798 1109 2847 13·
1140 2781 1197 2832 Nee

127 2863 262 2913 mutum
281 2852 405 2922 deinceps
424 2867 477 2918 est,
495 2856 563 2925 quin
586 2855 674 2921 (ohne
693 2853 780 2921 dass),
800 2865 844 2907 ant
864 2864 946 2916 terra,
963 2850 1105 2915 autmari,
1126 2851 1207 2903 varia.
1293 2889 1299 2901 .

127 2922 298 2991 proeliorum
314 2922 418 2973 fortuna
435 2924 549 2974 inuicem
569 2940 596 2975 se
614 2923 783 2974 trucidarent.
811 2928 813 2933 ’

201 2989 320 3060 defessis
336 3001 366 3042 et
387 2991 596 3060 exsanguibus]
625 2993 702 3043 Eben
722 3009 752 3041 sc
777 2991 811 3041 de
828 3006 883 3058 rep.
902 2986 960 3040 ord.
977 2985 1004 3050 I,
1024 2987 1054 3049 5,
1069 3002 1094 3040 2.
1112 2985 1207 3051 Taciu,

107 3100 110 3106 .
129 3056 166 3110 de
185 3057 263 3115 Orat.
283 3076 307 3112 c.
328 3059 367 3115 28.
386 3061 463 3111 facile
480 3073 519 3111 eat
536 3060 740 3128 deprehendere,
759 3060 869 3111 Calvum
888 3057 998 3123 quidem
1019 3055 1141 3106 Ciceroni
1157 3055 1207 3117 uir

128 3143 193 3179 snm
212 3144 389 3197 exsanguem·
397 3139 427 3183 et
439 3133 577 3193 attritum,
595 3130 621 3183 d,
635 3130 653 3179 i.
669 3128 744 3180 nicbt
758 3128 853 3199 geist-'
863 3124 920 3177 und
939 3123 1061 3194 krastlos
1072 3123 1127 3173 und
1145 3122 1198 3173 ab·

155 3195 250 3254 elebt5
278 3196 408 3249 condem:
436 3196 534 3249 trocke
560 3234 568 3259 ,
598 3197 667 3247 ohne
692 3196 859 3249 reduerischc
887 3194 964 3246 Fiille
991 3192 1047 3244 und
1070 3190 1200 3242 Aumuth·
1251 3234 1254 3239 .

128 3214 352 3329 innuamus
367 3266 485 3317 Lexicou
498 3214 662 3330 Tedbnolog.
677 3266 775 3316 rhetor.
791 3283 818 3332 p.
834 3262 892 3315 153.
927 3263 987 3311 Wie
1004 3262 1069 3320 bier,
1086 3279 1116 3310 so
1132 3259 1198 3311 anob

131 3333 228 3387 lustin.
248 3332 403 3397 XXXLd,
423 3352 446 3391 ι.
481 3332 614 3389 Nabidem
637 3347 776 3400 tyrannum
792 3333 952 3398 -graviter
975 3330 1104 3394 sracttun,
1127 3331 1201 3379 velut

131 3418 317 3463 exsanvuem,
336 3403 364 3453 in
381 3419 465 3468 regno
482 3404 599 3468 reliquit.
635 3403 727 3469 Vergl.
744 3402 813 3464 XLI,
828 3401 853 3460 6,
871 3400 897 3453 4.
922 3396 987 3449 anob
1004 3398 1077 3450 vires
1096 3414 1201 3448 exsan-

156 3440 358 3534 assimili,
376 3469 402 3530 5,
422 3469 448 3523 6.
463 3498 498 3513 ·-
513 3472 619 3537 Analog
638 3472 671 3522 ist
687 3472 831 3525 exanimus
845 3468 903 3520 und
919 3468 1106 3529 exanimatus,
1125 3466 1199 3519 Caes.

129 3488 162 3595 i.
183 3538 220 3593 G.
240 3538 275 3601 ΙΙ,
288 3542 336 3605 at.
352 3540 410 3593 Liv.
427 3538 502 3602 vlu,
520 3556 544 3609 7.
563 3541 582 3594 s.
600 3532 657 3591 und
674 3541 732 3597 Lis.
745 3540 767 3598 Ι,
784 3536 827 3590 25.
860 3538 989 3588 Romanas
1008 3535 1126 3603 legiones
1146 3536 1201 3585 iarn
1311 3564 1314 3569 ,

131 3624 196 3683 spes
214 3619 267 3675 tota
285 3607 453 3675 deseruerat,
481 3611 623 3671 exanimes
644 3609 702 3661 uice
726 3607 819 3672 unius,
846 3617 998 3677 querutum
1017 3604 1128 3656 Curiatii
1147 3604 1203 3654 cir-

131 3687 328 3728 eumstcterant.
459 3686 465 3693 '
748 3733 751 3738 Ι
1133 3718 1136 3723 .

177 3746 185 3754 ”
202 3744 399 3816 extorqueret]
422 3743 443 3797 Ι.
461 3763 483 3800 c.
504 3743 670 3811 aliquamdiu
690 3744 814 3795 retinenti
833 3759 881 3809 per
902 3742 960 3792 vim
979 3741 1100 3809 eriperet.
1123 3739 1196 3791 Flos.

133 3812 156 3877 Ι,
174 3810 220 3878 26,
238 3816 263 3866 l.
288 3815 458 3865 consortium
476 3814 610 3865 honorum
631 3824 741 3883 extorq.
774 3812 866 3877 Vergl.
882 3808 1002 3862 Freinsb.
1026 3810 1053 3858 in
1081 3806 1139 3858 lnd.
1155 3809 1200 3857 Iu-

110 3883 199 3947 ,atim
218 3880 335 3945 xv1,3‚
359 3897 398 3947 Ιιο.
429 3883 526 3937 Missus
546 3884 640 3947 itaque·
653 3883 685 3932 ab
698 3880 904 3932 Atheniensibus
920 3878 1069 3930 Lamachus
1084 3893 1146 3927 cum
1158 3891 1204 3925 ex-
1305 3885 1309 3894 ·

134 3950 222 4003 ercitu
242 3948 278 3999 ad
300 3951 519 4021 extorquendum
537 3951 610 4017 quad
626 3951 778 4016 negabatur.
805 3950 861 4001 Cic.
883 3946 917 3999 ad
937 3949 998 4002 Dis.
1016 3944 1086 4009 XVI,
1104 3946 1146 3996 24.
1178 3941 1205 3993 A

134 4022 277 4079 flamma,
304 4020 329 4069 si
352 4037 409 4071 non
453 4031 507 4070 ntes
529 4036 629 4082 omne,
656 4031 759 4087 partem
781 4020 899 4084 aliquam
920 4017 1003 4067 velim
1027 4023 1204 4083 extorqueas.

135 4089 228 4141 Ueber
252 4086 297 4139 die
320 4039 510 4140 consentinos
532 4105 585 4139 von
611 4086 660 4154 de,
685 4105 735 4148 ex,
765 4087 802 4139 ab
823 4089 915 4153 aliquo
935 4094 1116 4153 extorquere,
1132 4080 1206 4131 siebe

135 4156 250 4211 Ellendt
266 4174 299 4208 zu
315 4157 388 4211 Brut.
401 4156 436 4219 ll,
453 4172 478 4225 7.

208 4230 234 4284 5.
247 4224 336 4296 suere
357 4226 551 4305 tamea-qui
558 4224 684 4300 profecti
696 4224 776 4297 sunt]
788 4225 849 4278 Den
863 4221 960 4278 Grund
976 4220 1062 4276 dieser
1074 4220 1204 4274 adversa·
